<record><leader>00000cas a22000007a 4500</leader><controlfield tag="001">16275045</controlfield><controlfield tag="008">870724d18881975paudn ne      0    0eng d</controlfield><datafield ind1=" " ind2=" " tag="010"><subfield code="a">sn 87080540 </subfield></datafield><datafield ind1=" " ind2=" " tag="040"><subfield code="a">NPH</subfield><subfield code="b">eng</subfield><subfield code="c">NPH</subfield><subfield code="d">OCLCQ</subfield></datafield><datafield ind1=" " ind2=" " tag="042"><subfield code="a">msc</subfield></datafield><datafield ind1="0" ind2=" " tag="130"><subfield code="a">Daily Republican (Phoenixville, Pa.)</subfield></datafield><datafield ind1="1" ind2="4" tag="245"><subfield code="a">The daily Republican.</subfield></datafield><datafield ind1=" " ind2=" " tag="260"><subfield code="a">Phoenixville, Pa. :</subfield><subfield code="b">Republican Pub. Co.,</subfield><subfield code="c">1888-1975.</subfield></datafield><datafield ind1=" " ind2=" " tag="300"><subfield code="a">v. ;</subfield><subfield code="c">55 cm.</subfield></datafield><datafield ind1=" " ind2=" " tag="310"><subfield code="a">Daily (except Sun.)</subfield></datafield><datafield ind1="0" ind2=" " tag="362"><subfield code="a">No. 1 (Oct. 3, 1888)- ; -v. 86, no. 102 (Feb. 1, 1975).</subfield></datafield><datafield ind1=" " ind2=" " tag="752"><subfield code="a">United States</subfield><subfield code="b">Pennsylvania</subfield><subfield code="c">Chester</subfield><subfield code="d">Phoenixville.</subfield></datafield><datafield ind1="0" ind2=" " tag="775"><subfield code="t">Weekly Republican (Phoenixville, Pa.)</subfield><subfield code="w">(DLC)sn 89077307</subfield></datafield><datafield ind1="0" ind2="0" tag="785"><subfield code="t">Evening phoenix (Phoenixville, Pa.)</subfield><subfield code="w">(DLC)sn 88079431</subfield></datafield></record>